<record><leader>00000cas a22000007a 4500</leader><controlfield tag="001">15613779</controlfield><controlfield tag="008">870430d192119uupauwr ne      0    0eng d</controlfield><controlfield tag="009">5601</controlfield><datafield ind1=" " ind2=" " tag="010"><subfield code="a">sn 87080338 </subfield></datafield><datafield ind1=" " ind2=" " tag="040"><subfield code="a">NPH</subfield><subfield code="b">eng</subfield><subfield code="c">NPH</subfield></datafield><datafield ind1="1" ind2=" " tag="029"><subfield code="a">AU@</subfield><subfield code="b">000025813049</subfield></datafield><datafield ind1=" " ind2=" " tag="042"><subfield code="a">msc</subfield></datafield><datafield ind1="0" ind2="0" tag="245"><subfield code="a">Erie labor press.</subfield></datafield><datafield ind1=" " ind2=" " tag="260"><subfield code="a">Erie, Pa. :</subfield><subfield code="b">[s.n.],</subfield><subfield code="c">1921-</subfield></datafield><datafield ind1=" " ind2=" " tag="300"><subfield code="a">v. :</subfield><subfield code="b">ill.</subfield></datafield><datafield ind1=" " ind2=" " tag="310"><subfield code="a">Weekly</subfield></datafield><datafield ind1="0" ind2=" " tag="362"><subfield code="a">Vol. 9, no. 25 (June 18, 1921)-</subfield></datafield><datafield ind1=" " ind2=" " tag="500"><subfield code="a">Publisher: Truth Press, Inc., &lt;Aug. 27-Dec. 31, 1921&gt;.</subfield></datafield><datafield ind1=" " ind2=" " tag="515"><subfield code="a">Issues for June 18-&lt;Dec. 31, 1921&gt; called whole no. 427-&lt;455&gt; .</subfield></datafield><datafield ind1=" " ind2=" " tag="550"><subfield code="a">Official organ of Local Erie Socialist Party, June 18-&lt;Dec. 31, 1921&gt;.</subfield></datafield><datafield ind1="2" ind2=" " tag="710"><subfield code="a">Local Erie Socialist Party.</subfield></datafield><datafield ind1=" " ind2=" " tag="752"><subfield code="a">United States</subfield><subfield code="b">Pennsylvania</subfield><subfield code="c">Erie</subfield><subfield code="d">Erie.</subfield></datafield><datafield ind1="0" ind2="0" tag="780"><subfield code="t">Truth (Erie, Pa.)</subfield><subfield code="w">(DLC)sn 87080339</subfield></datafield></record>